<record><leader>00000cas a2200000 a 4500</leader><controlfield tag="001">11396818</controlfield><controlfield tag="008">841117d18711893ksuwr ne      0   a0eng c</controlfield><controlfield tag="009">3781</controlfield><datafield ind1=" " ind2=" " tag="010"><subfield code="a">sn 84027670 </subfield></datafield><datafield ind1=" " ind2=" " tag="040"><subfield code="a">NPU</subfield><subfield code="b">eng</subfield><subfield code="c">NPU</subfield><subfield code="d">NPT</subfield><subfield code="d">NPX</subfield><subfield code="d">NPT</subfield><subfield code="d">OBN</subfield><subfield code="d">OCL</subfield><subfield code="d">OCLCQ</subfield><subfield code="d">DLC</subfield><subfield code="d">OCLCF</subfield><subfield code="d">OCLCA</subfield></datafield><datafield ind1="0" ind2=" " tag="022"><subfield code="a">2163-4416</subfield><subfield code="2">1</subfield></datafield><datafield ind1="1" ind2=" " tag="029"><subfield code="a">AU@</subfield><subfield code="b">000024685760</subfield></datafield><datafield ind1=" " ind2=" " tag="042"><subfield code="a">pcc</subfield><subfield code="a">nsdp</subfield></datafield><datafield ind1=" " ind2=" " tag="043"><subfield code="a">n-us-ks</subfield></datafield><datafield ind1="0" ind2="0" tag="050"><subfield code="a">Newspaper</subfield></datafield><datafield ind1="1" ind2="0" tag="082"><subfield code="a">070</subfield><subfield code="2">14</subfield></datafield><datafield ind1=" " ind2="4" tag="222"><subfield code="a">The Saline County journal</subfield></datafield><datafield ind1="0" ind2="4" tag="245"><subfield code="a">The Saline County journal.</subfield></datafield><datafield ind1="1" ind2="3" tag="246"><subfield code="a">Salina daily journal</subfield></datafield><datafield ind1=" " ind2=" " tag="260"><subfield code="a">Salina, Kan. :</subfield><subfield code="b">W.H. Johnson &amp; M.D. Sampson</subfield></datafield><datafield ind1=" " ind2=" " tag="300"><subfield code="a">v.</subfield></datafield><datafield ind1=" " ind2=" " tag="310"><subfield code="a">Weekly</subfield></datafield><datafield ind1=" " ind2=" " tag="321"><subfield code="a">Frequency varies</subfield></datafield><datafield ind1="0" ind2=" " tag="362"><subfield code="a">Vol. 1, no. 3 (Mar. 2, 1871)-v. 23, no. 11 (Mar. 9, 1893).</subfield></datafield><datafield ind1=" " ind2=" " tag="500"><subfield code="a">Published daily during county fair (Sept. 13-18, 1892) as: Salina daily journal.</subfield></datafield><datafield ind1=" " ind2=" " tag="530"><subfield code="a">Archived issues are available in digital format as part of the Library of Congress Chronicling America online collection.</subfield></datafield><datafield ind1=" " ind2=" " tag="580"><subfield code="a">Daily ed.: Salina daily journal.</subfield></datafield><datafield ind1=" " ind2="0" tag="651"><subfield code="a">Salina (Kan.)</subfield><subfield code="v">Newspapers.</subfield></datafield><datafield ind1=" " ind2="0" tag="651"><subfield code="a">Saline County (Kan.)</subfield><subfield code="v">Newspapers.</subfield></datafield><datafield ind1=" " ind2="7" tag="655"><subfield code="a">Newspapers.</subfield><subfield code="2">fast</subfield><subfield code="0">(OCoLC)fst01423814</subfield></datafield><datafield ind1=" " ind2="7" tag="651"><subfield code="a">Kansas</subfield><subfield code="z">Salina.</subfield><subfield code="2">fast</subfield><subfield code="0">(OCoLC)fst01202728</subfield></datafield><datafield ind1=" " ind2="7" tag="651"><subfield code="a">Kansas</subfield><subfield code="z">Saline County.</subfield><subfield code="2">fast</subfield><subfield code="0">(OCoLC)fst01212324</subfield></datafield><datafield ind1=" " ind2=" " tag="752"><subfield code="a">United States</subfield><subfield code="b">Kansas</subfield><subfield code="c">Saline</subfield><subfield code="d">Salina.</subfield></datafield><datafield ind1="1" ind2=" " tag="775"><subfield code="t">Salina daily journal</subfield><subfield code="w">(DLC)sn 85032686</subfield></datafield><datafield ind1="1" ind2=" " tag="775"><subfield code="t">Salina daily journal</subfield><subfield code="g">May 31, 1888</subfield><subfield code="w">(DLC)sn 85032686</subfield></datafield><datafield ind1="1" ind2=" " tag="776"><subfield code="t">Saline County journal (Online)</subfield><subfield code="x">2169-6209</subfield><subfield code="w">(DLC)  2012203880</subfield><subfield code="w">(OCoLC)732734802</subfield></datafield><datafield ind1="0" ind2="0" tag="780"><subfield code="t">Home journal (Salina, Kan.)</subfield><subfield code="w">(DLC)sn 86064068</subfield></datafield><datafield ind1="0" ind2="7" tag="785"><subfield code="t">Weekly republican (Salina, Kan.)</subfield><subfield code="w">(DLC)sn 86064067</subfield></datafield><datafield ind1="0" ind2="7" tag="785"><subfield code="t">Republican-journal (Salina, Kan.)</subfield><subfield code="w">(DLC)sn 85032684</subfield></datafield><datafield ind1="4" ind2="1" tag="856"><subfield code="u">http://www.loc.gov/chroniclingamerica/lccn/sn84027670/issues</subfield></datafield></record>